
@article{Carpenter:2015,
author = {Carpenter, B. and others},
title = {{Stan: A Probabilistic Programming Language}},
journal = {J Stat Softw},
year = {2015}
}

@article{Nozue:2015dt,
author = {Nozue, K. and others},
title = {{Shade avoidance components and pathways in adult plants revealed by phenotypic profiling.}},
journal = {PLoS Genet.},
year = {2015},
volume = {11},
number = {4},
pages = {e1004953},
month = apr
}


@article{Bhattacharya:2011gh,
author = {Bhattacharya, A and Dunson, D B},
title = {{Sparse Bayesian infinite factor models}},
journal = {Biometrika},
year = {2011},
volume = {98},
number = {2},
pages = {291--306},
month = may,
annote = {factor model}
}

@article{Runcie:2013ky,
author = {Runcie, D and Mukherjee, S},
title = {{Dissecting High-Dimensional Phenotypes with Bayesian Sparse Factor Analysis of Genetic Covariance Matrices}},
journal = {Genetics},
year = {2013},
volume = {194},
number = {3},
pages = {753--767},
month = jul
}
